@article{lm-dict,
  author = {Loughran, Tim and McDonald, Bill},
  title = {When Is a Liability Not a Liability? Textual Analysis, Dictionaries, and 10-Ks},
  journal = {The Journal of Finance},
  volume = {66},
  number = {1},
  pages = {35-65},
  doi = {https://doi.org/10.1111/j.1540-6261.2010.01625.x},
  url = {https://onlinelibrary.wiley.com/doi/abs/10.1111/j.1540-6261.2010.01625.x},
  eprint = {https://onlinelibrary.wiley.com/doi/pdf/10.1111/j.1540-6261.2010.01625.x},
  abstract = {ABSTRACT Previous research uses negative word counts to measure the tone of a text. We show that word lists developed for other disciplines misclassify common words in financial text. In a large sample of 10-Ks during 1994 to 2008, almost three-fourths of the words identified as negative by the widely used Harvard Dictionary are words typically not considered negative in financial contexts. We develop an alternative negative word list, along with five other word lists, that better reflect tone in financial text. We link the word lists to 10-K filing returns, trading volume, return volatility, fraud, material weakness, and unexpected earnings.},
year = {2011}
}
@misc{french_2022,
  title={Kenneth R. French - Data Library},
  url={https://mba.tuck.dartmouth.edu/pages/faculty/ken.french/data_library.html},
  journal={Mba.tuck.dartmouth.edu},
  author={French, Kenneth},
  year={2022},
}
@techreport{sestm,
  title={Predicting returns with text data},
  author={Ke, Zheng Tracy and Kelly, Bryan T and Xiu, Dacheng},
  year={2019},
  institution={National Bureau of Economic Research}
}
@article{sharpe-ratio,
  title={Mutual fund performance},
  author={Sharpe, William F},
  journal={The Journal of business},
  volume={39},
  number={1},
  pages={119--138},
  year={1966},
  publisher={JSTOR}
}
@article{ff3,
  title={The cross-section of expected stock returns},
  author={Fama, Eugene F and French, Kenneth R},
  journal={the Journal of Finance},
  volume={47},
  number={2},
  pages={427--465},
  year={1992},
  publisher={Wiley Online Library}
}
@article{ff5,
  title={A five-factor asset pricing model},
  author={Fama, Eugene F and French, Kenneth R},
  journal={Journal of financial economics},
  volume={116},
  number={1},
  pages={1--22},
  year={2015},
  publisher={Elsevier}
}
@article{lsa,
  title={Probabilistic latent semantic analysis},
  author={Hofmann, Thomas},
  journal={arXiv preprint arXiv:1301.6705},
  year={2013}
}
@book{language-newspapers,
  title={The language of newspapers},
  author={Reah, Danuta},
  year={2002},
  publisher={Psychology Press}
}
@misc{github,
 title={GitHub},
 url={https://github.com/fxlmo/fxlmo-masters},
 journal={GitHub},
 author={Felmeden, Joshua},
 year={2022}
}
@book{stock-market,
  title={The stock market},
  author={Teweles, Richard J and Bradley, Edward S},
  volume={64},
  year={1998},
  publisher={John Wiley \& Sons}
}
@misc{stock-opening-hours,
 title={Is the stock market open?},
 author={Trading Hours},
 url={https://www.tradinghours.com/open?},
 journal={Tradinghours.com},
 year={2022}
}
@misc{zero-net,
 title={Zero-Investment Portfolio},
 url={https://www.investopedia.com/terms/z/zero-investment-portfolio.asp},
 journal={Investopedia},
 author={Chen, James},
 year={2022}
}
@article{covid-impact,
  title={Impact of COVID-19 Outbreak on the Stock Market: An Evidence from Select Economies},
  author={Ganie, Irfan Rashid and Wani, Tahir Ahmad and Yadav, Miklesh Prasad},
  journal={Business Perspectives and Research},
  pages={22785337211073635},
  year={2022},
  publisher={SAGE Publications Sage India: New Delhi, India}
}
@article{nemes-prediction,
  title={Prediction of stock values changes using sentiment analysis of stock news headlines},
  author={Nemes, L{\'a}szl{\'o} and Kiss, Attila},
  journal={Journal of Information and Telecommunication},
  volume={5},
  number={3},
  pages={375--394},
  year={2021},
  publisher={Taylor \& Francis}
}
@article{john2017sentiment,
  title={Sentiment analysis on financial news headlines using training dataset augmentation},
  author={John, Vineet and Vechtomova, Olga},
  journal={arXiv preprint arXiv:1707.09448},
  year={2017}
}
@article{kirange2016sentiment,
  title={Sentiment Analysis of news headlines for stock price prediction},
  author={Kirange, DK and Deshmukh, Ratnadeep R and others},
  journal={Composoft, An International Journal of Advanced Computer Technology},
  volume={5},
  number={3},
  pages={2080--2084},
  year={2016}
}
@article{taboada2011lexicon,
  title={Lexicon-based methods for sentiment analysis},
  author={Taboada, Maite and Brooke, Julian and Tofiloski, Milan and Voll, Kimberly and Stede, Manfred},
  journal={Computational linguistics},
  volume={37},
  number={2},
  pages={267--307},
  year={2011},
  publisher={MIT Press One Rogers Street, Cambridge, MA 02142-1209, USA journals-info~â€¦}
}
@inproceedings{madhoushi2015sentiment,
  title={Sentiment analysis techniques in recent works},
  author={Madhoushi, Zohreh and Hamdan, Abdul Razak and Zainudin, Suhaila},
  booktitle={2015 science and information conference (SAI)},
  pages={288--291},
  year={2015},
  organization={IEEE}
}
@article{haddi2013preprocessing,
  title={The role of text pre-processing in sentiment analysis},
  author={Haddi, Emma and Liu, Xiaohui and Shi, Yong},
  journal={Procedia computer science},
  volume={17},
  pages={26--32},
  year={2013},
  publisher={Elsevier}
}
@article{jegadeesh2013word,
  title={Word power: A new approach for content analysis},
  author={Jegadeesh, Narasimhan and Wu, Di},
  journal={Journal of financial economics},
  volume={110},
  number={3},
  pages={712--729},
  year={2013},
  publisher={Elsevier}
}
@article{tetlock2007content,
  title={Giving content to investor sentiment: The role of media in the stock market},
  author={Tetlock, Paul C},
  journal={The Journal of finance},
  volume={62},
  number={3},
  pages={1139--1168},
  year={2007},
  publisher={Wiley Online Library}
}
@article{tetlock2008quantifying,
  title={More than words: Quantifying language to measure firms' fundamentals},
  author={Tetlock, Paul C and Saar-Tsechansky, Maytal and Macskassy, Sofus},
  journal={The journal of finance},
  volume={63},
  number={3},
  pages={1437--1467},
  year={2008},
  publisher={Wiley Online Library}
}
@incollection{plyakha2021equal,
  title={Equal or value weighting? Implications for asset-pricing tests},
  author={Plyakha, Yuliya and Uppal, Raman and Vilkov, Grigory},
  booktitle={Financial Risk Management and Modeling},
  pages={295--347},
  year={2021},
  publisher={Springer}
}
